@article{Mastering,
  title={Mastering Data Warehouse Desing, Relational and Dimensional Techiniques},
  author={Imhoff C, y Galemmo},
  journal={Wiley Publishing Inc.},
  pages={28--29},
  year={2003}
}
